@article{Schwab2016,
  author = {Schwab, J. F. and Lew-Williams, C.},
  title = {Repetition across successive sentences facilitates young children's word learning},
  journal = {Developmental Psychology},
  volume = {52},
  pages = {879-886},
  number = {6},
  doi = {10.1037/dev0000125},
  year = {2016}
}

@article{Rochelle2016,
  author = {Rochelle S. Newman and Meredith L. Rowe and Nan Bernstein Ratner},
  title = {Input and uptake at 7 months predicts toddler vocabulary: The role of child-directed speech and infant processing skills in language development},
  journal = {Journal of Child Language},
  volume = {43},
  pages = {1158-1173},
  doi = {10.1017/S0305000915000446},
  year = {2016}
}

@article{Kachergis2018,
	author = {Kachergis, G},
	title = {Word Learning: Associations or Hypothesis Testing?},
	year = {2018},
	journal = {Current Biology},
	volume = {28},
	number = {9},
	pages = {R555-R557},
	doi = {10.1016/j.cub.2018.02.077}
}

@article{Kachergis2017,
	author = {Kachergis, G. and Yu, C.},
	year = {2017},
	title = {Observing and modeling developing knowledge and uncertainty during cross-situational word learning},
	journal = {IEEE Transactions on Cognitive and Developmental Systems},
	doi = {10.1109/TCDS.2017.2735540}
}

@article{Kachergis2016,
	Author = {Kachergis, G and Yu, C and Shiffrin, R M},
	Doi = {10.1111/cogs.12353},
	Journal = {Cognitive Science},
	Title = {A bootstrapping model of frequency and contextual diversity effects in word learning},
	Year = {2016},
	doi = {10.1111/cogs.12353}
}

@inproceedings{Kachergis2009tc,
	Address = {Austin, TX},
	Author = {Kachergis, G and Yu, C and Shiffrin, R},
	Booktitle = {Proceedings of the 31st Annual Meeting of the Cognitive Science Society},
	Editor = {N.A. Taatgen and H. van Rijn},
	Journal = {Proceedings of the 31st Annual Conference of the Cognitive Science Society},
	Pages = {1704-1709},
	Publisher = {Cognitive Science Society},
	Title = {Temporal contiguity in cross-situational statistical learning},
	Year = {2009}}

@article{Kachergis2012gi,
	Author = {Kachergis, George and Yu, Chen and Shiffrin, Richard M},
	Journal = {Psychonomic Bulletin and Review},
	Number = {2},
	Pages = {317--324},
	Title = {An associative model of adaptive inference for learning word--referent mappings},
	Volume = {19},
	Year = {2012},
	doi = {10.3758/s13423-011-0194-6}
}

@article{Yu2012hyp,
	Author = {Yu, C. and Smith, L. B.},
	Journal = {Psychological Review},
	Number = {1},
	Pages = {21--39},
	Title = {Modeling Cross-Situational Word-Referent Learning: Prior Questions},
	Volume = {119},
	Year = {2012}}

@incollection{Markman1992,
	Address = {Hillsdale, NJ},
	Author = {Markman, E M},
	Booktitle = {Modularity and constraints in language and cognition: The Minnesota symposium on child psychology},
	Editor = {Gunnar, M. R. and Maratsos, M. P.},
	Pages = {59--101},
	Publisher = {Erlbaum},
	Title = {Constraints on word learning: Speculations about their nature, origins and domain specificity},
	Year = {1992}}
	
	@article{Mervis1994,
	Author = {Mervis, C B and Bertrand, J},
	Journal = {Child Development},
	Pages = {1646-1662},
	Title = {Acquisition of the Novel Name - Nameless Category (N3C) principle},
	Volume = {65},
	Year = {1994}}

@article{Akhtar1999,
	Author = {Akhtar, N. and Montague, L.},
	Journal = {First Language},
	Pages = {34--358},
	Title = {Early lexical acquisition: The role of cross-situational learning},
	Volume = {19},
	Year = {1999}}


@incollection{Smith2000,
	Address = {Oxford},
	Author = {Smith, L. B.},
	Booktitle = {Breaking the Word Learning Barrier},
	Editor = {R. Golinkoff and K. Hirsh-Pasek},
	Pages = {51--80},
	Publisher = {Oxford University Press},
	Title = {How to learn words: An associative crane},
	Year = {2000}}

@inproceedings{Merriman1989,
	Author = {Merriman, W. E. and Bowman, L. L.},
	Booktitle = {Monographs of the Society for Research in Child Development},
	Number = {3},
	Pages = {1--129},
	Title = {The mutual exclusivity bias in children's word learning},
	Volume = {54},
	Year = {1989}}

@article{Golinkoff1992,
	Author = {Golinkoff, R. M. and Hirsh-Pasek, K. and Bailey, L. M. and Wegner, N. R.},
	Journal = {Developmental Psychology},
	Number = {1},
	Pages = {99--108},
	Title = {Young children and adults use lexical principles to learn new nouns},
	Volume = {28},
	Year = {1992}}

@techreport{Settles2009,
	Author = {Settles, B.},
	Institution = {University of Wisconsin-Madison},
	Number = {1648},
	Title = {Active learning literature survey},
	Type = {Computer Sciences},
	Year = {2009}}

@article{Markman1990,
	Author = {Markman, E. M.},
	Journal = {Cognitive Science},
	Pages = {57-77},
	Title = {Constraints children place on word meanings},
	Volume = {14},
	Year = {1990}}

@inbook{Clark1987,
	Address = {Hillsdale, NJ},
	Author = {Clark, E. V.},
	Editor = {B. MacWhinney},
	Number = {1-33},
	Publisher = {Erlbaum},
	Title = {The principle of contrast: A constraint on language acquisition},
	Year = {1987}}
	
	@article{Markman1988,
	Author = {E. M. Markman and G. F. Wachtel},
	Journal = {Cognitive Psychology},
	Pages = {121--157},
	Title = {{Children's use of mutual exclusivity to constrain the meanings of words}},
	Volume = {20},
	Year = {1988}}

@article{Kruschke2008,
	Author = {J. K. Kruschke},
	Journal = {Learning \& Behavior},
	Pages = {121--157},
	Title = {{Bayesian approaches to associative learning: From passive to active learning}},
	Volume = {20},
	Year = {2008}}
	
@article{Smith2008,
	Author = {Smith, L and Yu, C},
	Journal = {Cognition},
	Pages = {1558--1568},
	Title = {{Infants rapidly learn word-referent mappings via cross-situational statistics}},
	Volume = {106},
	Year = {2008}}

@article{Yu2007,
	Author = {Yu, C and Smith, L},
	Journal = {Psychological Science},
	Pages = {414--420},
	Title = {{Rapid word learning under uncertainty via cross-situational statistics}},
	Volume = {18},
	Year = {2007}
}
	
@article{Markman2003,
	Author = {Markman, Ellen M and Wasow, Judith L and Hansen, Mikkel B},
	Journal = {Cognitive Psychology},
	Month = nov,
	Number = {3},
	Pages = {241--275},
	Title = {Use of the mutual exclusivity assumption by young word learners},
	Volume = {47},
	Year = {2003}
}

@article{Fazly2010,
	Author = {Fazly, Afsaneh and Alishahi, Afra and Stevenson, Suzanne},
	Journal = {Cognitive Science},
	Month = may,
	Number = {6},
	Pages = {1017--1063},
	Title = {A Probabilistic Computational Model of Cross-Situational Word Learning},
	Volume = {34},
	Year = {2010}
}
	
@article{Frank2009,
	Author = {Frank, Michael C. and Goodman, Noah D. and Tenenbaum, Joshua B},
	Journal = {Psychological Science},
	Month = may,
	Number = {5},
	Pages = {578--585},
	Title = {Using Speakers' Referential Intentions to Model Early Cross-Situational Word Learning},
	Volume = {20},
	Year = {2009}
}
@Manual{R-base,
  title = {R: A Language and Environment for Statistical Computing},
  author = {{R Core Team}},
  organization = {R Foundation for Statistical Computing},
  address = {Vienna, Austria},
  year = {2019},
  url = {https://www.R-project.org/},
}
@Manual{R-dplyr,
  title = {dplyr: A Grammar of Data Manipulation},
  author = {Hadley Wickham and Romain François and Lionel Henry and Kirill Müller},
  year = {2019},
  note = {R package version 0.8.3},
  url = {https://CRAN.R-project.org/package=dplyr},
}
@Manual{R-forcats,
  title = {forcats: Tools for Working with Categorical Variables (Factors)},
  author = {Hadley Wickham},
  year = {2019},
  note = {R package version 0.4.0},
  url = {https://CRAN.R-project.org/package=forcats},
}
@Book{R-ggplot2,
  author = {Hadley Wickham},
  title = {ggplot2: Elegant Graphics for Data Analysis},
  publisher = {Springer-Verlag New York},
  year = {2016},
  isbn = {978-3-319-24277-4},
  url = {https://ggplot2.tidyverse.org},
}
@Manual{R-ggthemes,
  title = {ggthemes: Extra Themes, Scales and Geoms for 'ggplot2'},
  author = {Jeffrey B. Arnold},
  year = {2019},
  note = {R package version 4.2.0},
  url = {https://CRAN.R-project.org/package=ggthemes},
}
@Book{R-knitr,
  title = {Dynamic Documents with {R} and knitr},
  author = {Yihui Xie},
  publisher = {Chapman and Hall/CRC},
  address = {Boca Raton, Florida},
  year = {2015},
  edition = {2nd},
  note = {ISBN 978-1498716963},
  url = {https://yihui.name/knitr/},
}
@Manual{R-langcog,
  title = {langcog: Language and Cognition Lab Things},
  author = {Mika Braginsky and Dan Yurovsky and Michael Frank},
  year = {2019},
  note = {R package version 0.1.9001},
  url = {http://github.com/langcog/langcog},
}
@Article{R-lme4,
  title = {Fitting Linear Mixed-Effects Models Using {lme4}},
  author = {Douglas Bates and Martin M{\"a}chler and Ben Bolker and Steve Walker},
  journal = {Journal of Statistical Software},
  year = {2015},
  volume = {67},
  number = {1},
  pages = {1--48},
  doi = {10.18637/jss.v067.i01},
}
@Article{R-lmerTest,
  title = {{lmerTest} Package: Tests in Linear Mixed Effects Models},
  author = {Alexandra Kuznetsova and Per B. Brockhoff and Rune H. B. Christensen},
  journal = {Journal of Statistical Software},
  year = {2017},
  volume = {82},
  number = {13},
  pages = {1--26},
  doi = {10.18637/jss.v082.i13},
}
@Manual{R-Matrix,
  title = {Matrix: Sparse and Dense Matrix Classes and Methods},
  author = {Douglas Bates and Martin Maechler},
  year = {2019},
  note = {R package version 1.2-17},
  url = {https://CRAN.R-project.org/package=Matrix},
}
@Manual{R-papaja,
  author = {Frederik Aust and Marius Barth},
  title = {{papaja}: {Create} {APA} manuscripts with {R Markdown}},
  year = {2018},
  note = {R package version 0.1.0.9842},
  url = {https://github.com/crsh/papaja},
}
@Manual{R-png,
  title = {png: Read and write PNG images},
  author = {Simon Urbanek},
  year = {2013},
  note = {R package version 0.1-7},
  url = {https://CRAN.R-project.org/package=png},
}
@Manual{R-psych,
  title = {psych: Procedures for Psychological, Psychometric, and Personality Research},
  author = {William Revelle},
  organization = { Northwestern University},
  address = { Evanston, Illinois},
  year = {2018},
  note = {R package version 1.8.12},
  url = {https://CRAN.R-project.org/package=psych},
}
@Manual{R-purrr,
  title = {purrr: Functional Programming Tools},
  author = {Lionel Henry and Hadley Wickham},
  year = {2019},
  note = {R package version 0.3.2},
  url = {https://CRAN.R-project.org/package=purrr},
}
@Manual{R-readr,
  title = {readr: Read Rectangular Text Data},
  author = {Hadley Wickham and Jim Hester and Romain Francois},
  year = {2018},
  note = {R package version 1.3.1},
  url = {https://CRAN.R-project.org/package=readr},
}
@Manual{R-stringr,
  title = {stringr: Simple, Consistent Wrappers for Common String Operations},
  author = {Hadley Wickham},
  year = {2019},
  note = {R package version 1.4.0},
  url = {https://CRAN.R-project.org/package=stringr},
}
@Manual{R-tibble,
  title = {tibble: Simple Data Frames},
  author = {Kirill Müller and Hadley Wickham},
  year = {2019},
  note = {R package version 2.1.3},
  url = {https://CRAN.R-project.org/package=tibble},
}
@Manual{R-tidyboot,
  title = {tidyboot: Tidyverse-Compatible Bootstrapping},
  author = {Mika Braginsky and Daniel Yurovsky},
  year = {2019},
  note = {R package version 0.1.1.9001},
  url = {https://github.com/langcog/tidyboot},
}
@Manual{R-tidyr,
  title = {tidyr: Easily Tidy Data with 'spread()' and 'gather()' Functions},
  author = {Hadley Wickham and Lionel Henry},
  year = {2019},
  note = {R package version 0.8.3},
  url = {https://CRAN.R-project.org/package=tidyr},
}
@Manual{R-tidyverse,
  title = {tidyverse: Easily Install and Load the 'Tidyverse'},
  author = {Hadley Wickham},
  year = {2017},
  note = {R package version 1.2.1},
  url = {https://CRAN.R-project.org/package=tidyverse},
}
@Manual{R-xtable,
  title = {xtable: Export Tables to LaTeX or HTML},
  author = {David B. Dahl and David Scott and Charles Roosen and Arni Magnusson and Jonathan Swinton},
  year = {2019},
  note = {R package version 1.8-4},
  url = {https://CRAN.R-project.org/package=xtable},
}
